@book{Morrison1970,
	author = "Toni Morrison",
	publisher = "Vintage Books",
	title = "The Bluest Eye",
	year = "1970"
}
@online{JWSTInnovation,
	title = "New Technology Innovations Webb Telescope",
	titleaddon = "NASA",
	publisher = "NASA",
	url = "https://jwst.nasa.gov/content/about/innovations/index.html",
	urldate = "2022-01-11"
}